@Legislation{GKRFP2,
  date  = {2024-09-09},
  title = {Гражданский Кодекс Российской Федерации Часть Вторая},
  url   = {https://www.consultant.ru/document/cons_doc_LAW_9027/},
}

@Legislation{135-FZ,
  title = {Федеральный закон "Об оценочной деятельности в Российской Федерации"},
  url   = {https://www.consultant.ru/document/cons_doc_LAW_19586/},
}

@Legislation{InsConcept,
  date  = {2024-09-09},
  title = {Концепция развития положений части второй Гражданского кодекса Российской Федерации о договоре страхования},
  url   = {https://www.consultant.ru/document/cons_doc_LAW_366842/08cc109492ccfecbcce2f02abb2864bbae001b13/},
}

@Legislation{VS240625,
  date  = {2024-06-25},
  title = {Постановление Пленума Верховного Суда РФ от 25.06.2024 N 19 "О применении судами законодательства о добровольном страховании имущества"},
  url   = {https://www.consultant.ru/document/cons_doc_LAW_479581/5a0a36ec3a990e040e09e7035b59a6dabbfa429e/#dst100086},
}

@Legislation{Sud_01,
  title = {Апелляционное определение Санкт-Петербургского городского суда от 14.01.2016 N 33-321/2016 по делу N 2-193/2015.},
  url   = {https://www.consultant.ru/document/cons_doc_LAW_366842/08cc109492ccfecbcce2f02abb2864bbae001b13/#},
}

@Legislation{Sud_02,
  title = {Апелляционное определение Ставропольского краевого суда от 16.02.2016 по делу N 33-849/2016},
  url   = {https://zakon.ru/blog/2018/02/26/otlichie_strahovoj_summy_ot_strahovoj_stoimosti},
}

@Report{Myagkov202409052,
  author      = {В. Н. Мягков},
  date        = {2024-09-05},
  institution = {Комитет по Научным и Методическим Вопросам Оценочной Деятельности Национального объединения СРО оценщиков ``Союз СОО''},
  title       = {Оценка застроенного участка: проблемы и методы (презентация)},
  type        = {resreport},
  url         = {https://web.tresorit.com/l/O7jAT#P9YOWFeYhFTsqOqsiqOLCQ},
  urldate     = {2024-09-09},
}

@Report{Myagkov202409051,
  author      = {В. Н. Мягков},
  date        = {2024-09-05},
  institution = {Комитет по Научным и Методическим Вопросам Оценочной Деятельности Национального объединения СРО оценщиков ``Союз СОО''},
  title       = {Оценка застроенного участка: проблемы и методы (запись выступления на Круглом Столе)},
  type        = {resreport},
  url         = {https://rutube.ru/video/21e68f8bb30c4c86771c6e948f1a23e1/},
  urldate     = {2024-09-09},
}

@Book{Hastie2017,
  author    = {Hastie, Trevor},
  date      = {2017},
  title     = {The elements of statistical learning},
  edition   = {Second edition},
  editor    = {Robert Tibshirani and Jerome H. Friedman},
  isbn      = {9780387848587},
  location  = {New York, NY},
  note      = {Description based on publisher supplied metadata and other sources.},
  pagetotal = {1745},
  publisher = {Springer},
  series    = {Springer Series in Statistics},
  subtitle  = {Data mining, inference, and prediction},
  ppn_gvk   = {1735262110},
}

@Report{Li,
  author      = {Cheng Li},
  institution = {College of Computer and Information Science Northeastern University},
  title       = {A Gentle Introduction to Gradient Boosting},
  type        = {techreport},
  pagetotal   = {80},
  url         = {http://www.chengli.io/tutorials/gradient_boosting.pdf},
  urldate     = {2024-09-10},
}

@Report{Breiman,
  author  = {Leo Breiman},
  title   = {Arcing the edge},
  type    = {techreport},
  url     = {https://statistics.berkeley.edu/sites/default/files/tech-reports/486.pdf},
  urldate = {2024-09-10},
}

@WWW{XGBoost,
  title   = {XGBoost},
  url     = {https://xgboost.readthedocs.io/en/stable/},
  urldate = {2024-09-10},
}

@WWW{LightGBM,
  title   = {LightGBM},
  url     = {https://lightgbm.readthedocs.io/en/stable/},
  urldate = {2024-09-10},
}

@WWW{CatBoost,
  title   = {CatBoost},
  url     = {https://catboost.ai/},
  urldate = {2024-09-10},
}

@Article{Kalos1986,
  author       = {Mlavin H. Kalos and Paula A. Whitlock},
  date         = {1986},
  journaltitle = {Wiley},
  title        = {Monte Carlo Methods Volume I: Basics},
  pages        = {78-88},
}

@Article{Tierney1994,
  author       = {Tierney, Luke},
  date         = {1994-12},
  journaltitle = {The Annals of Statistics},
  title        = {Markov Chains for Exploring Posterior Distributions},
  doi          = {10.1214/aos/1176325750},
  issn         = {0090-5364},
  number       = {4},
  volume       = {22},
  publisher    = {Institute of Mathematical Statistics},
}

@Article{Hastings1970,
  author       = {Hastings, W. K.},
  date         = {1970-04},
  journaltitle = {Biometrika},
  title        = {Monte Carlo sampling methods using Markov chains and their applications},
  doi          = {10.1093/biomet/57.1.97},
  issn         = {0006-3444},
  number       = {1},
  pages        = {97--109},
  volume       = {57},
  publisher    = {Oxford University Press (OUP)},
}

@Article{Sloutzkiy_1,
  author       = {Александр А. Слуцкий},
  date         = {2024},
  journaltitle = {Банковское кредитование},
  title        = {Доказательственная оценка компонентов ЕОН. Обобщённый модифицированный метод выделения},
  number       = {3},
  url          = {https://base.garant.ru/481277617/},
  urldate      = {2024-09-10},
}

@Article{Leifer_1,
  author       = {Лев. А. Лейфер and Татьяна В. Крайникова},
  date         = {2020},
  journaltitle = {Имущественные отношения в Российской Федерации},
  title        = {Модифицированный метод выделенияи его развитие для целей определения кадастровой стоимости ОКС и земельных участков},
  url          = {https://cyberleninka.ru/article/n/modifitsirovannyy-metod-vydeleniya-i-ego-razvitie-dlya-tseley-opredeleniya-kadastrovoy-stoimosti-oks-i-zemelnyh-uchastkov},
  urldate      = {2024-09-10},
}

@Article{Rosen1974,
  author       = {Rosen, Sherwin},
  date         = {1974-01},
  journaltitle = {Journal of Political Economy},
  title        = {Hedonic Prices and Implicit Markets: Product Differentiation in Pure Competition},
  doi          = {10.1086/260169},
  issn         = {1537-534X},
  number       = {1},
  pages        = {34--55},
  volume       = {82},
  publisher    = {University of Chicago Press},
}

@Article{Court1939,
  author       = {Court, A. T.},
  date         = {1939},
  journaltitle = {The Dynamics of Automobile Demand},
  title        = {Hedonic price indexes with automotive examples},
  pages        = {99-117},
}

@Article{Chanel1996,
  author       = {Chanel, Olivier and Gérard-Varet, Louis-André and Ginsburgh, Victor},
  date         = {1996-03},
  journaltitle = {Journal of Cultural Economics},
  title        = {The relevance of hedonic price indices: The case of paintings},
  doi          = {10.1007/s10824-005-1024-3},
  issn         = {1573-6997},
  number       = {1},
  pages        = {1--24},
  volume       = {20},
  publisher    = {Springer Science and Business Media LLC},
}

@Report{Pakko2020,
  author      = {Michael R. Pakko},
  date        = {2020-10-01},
  institution = {Federal Reserve Bank of St. Louis},
  title       = {Comparing Apples and Oranges: When Measuring Prices, It's Not Easy Dealing with Rapidly Evolving Products like Computers},
  url         = {https://www.stlouisfed.org/publications/regional-economist/october-2002/comparing-apples-and-oranges-when-measuring-prices-its-not-easy#:~:text=Court, Andrew T.,99-117.},
  urldate     = {2024-09-10},
}

@Misc{Malpezzi2002,
  author       = {Malpezzi, Stephen},
  date         = {2002-10},
  title        = {Hedonic Pricing Models: A Selective and Applied Review},
  doi          = {10.1002/9780470690680.ch5},
  isbn         = {9780470690680},
  journaltitle = {Housing Economics and Public Policy},
  pages        = {67--89},
  publisher    = {Wiley},
}

@Article{Sirmans2005,
  author       = {Sirmans, Stacy and Macpherson, David and Zietz, Emily},
  date         = {2005-01},
  journaltitle = {Journal of Real Estate Literature},
  title        = {The Composition of Hedonic Pricing Models},
  doi          = {10.1080/10835547.2005.12090154},
  issn         = {1573-8809},
  number       = {1},
  pages        = {1--44},
  volume       = {13},
  publisher    = {Informa UK Limited},
}

@Article{Bourassa2006,
  author       = {Bourassa, S. C. and Hoesli, M. and Sun, J.},
  date         = {2006},
  journaltitle = {Journal of Housing Economics},
  title        = {Hedonic pricing models: A comparison of nonparametric and parametric methods.},
  number       = {15},
  pages        = {56-73},
  volume       = {1},
}

@Article{Goodman1998,
  author       = {Goodman, A. C. and Thibodeau, T. G.},
  date         = {1998},
  journaltitle = {Journal of Housing Economics},
  title        = {Housing market segmentation and hedonic prediction accuracy.},
  number       = {7},
  pages        = {121-141},
  volume       = {2},
}

@Article{Kestens2006,
  author       = {Kestens, Y. and Thériault, M. and Villeneuve, P.},
  date         = {2006},
  journaltitle = {Journal of Real Estate Research},
  title        = {Quantifying the impact of landfill proximity on the market value of single-family homes},
  number       = {28},
  pages        = {191-218},
  volume       = {2},
}

@Article{Tochaiwat2019,
  author       = {Kongkoon Tochaiwat and Warakorn Likitanupak},
  date         = {2019-12-25},
  journaltitle = {International Journal of Building, Urban, Interior and Landscape Technology (BUILT)},
  title        = {An Alternative Hotel Pricing Technology: Hedonic Price Model for Pricing Beach Resort Revenue in Thailand.},
  url          = {https://ph02.tci-thaijo.org/index.php/BUILT/article/view/225935},
  urldate      = {2024-09-10},
  volume       = {14},
}

@Article{BurhaidaBurhan2013,
  author    = {Burhaida Burhan and Hokao Kazunori and Mohd Lizam},
  date      = {2013},
  title     = {Temporal aggregate EFFECTS IN HEDONIC PRICE ANALYSIS},
  doi       = {10.13140/2.1.1982.3365},
  language  = {en},
  publisher = {Unpublished},
}

@Comment{jabref-meta: databaseType:biblatex;}
